@article{Xie:2008:SBS,
  author = {Y. Xie and F. Yu and K. Achan and R. Panigrahy and G. Hulten and I.
            Osipkov},
  title = {{Spamming Botnets: Signatures and Characteristics}},
  journal = {ACM SIGCOMM Computer Communication Review},
  volume = {38},
  number = {4},
  year = {2008},
}

